@ARTICLE{
	Carreira:2018qr,
	author = {Carreira, Joao. and others},
	title = {Quo Vadis, Action Recognition? A New Model and the Kinetics Dataset.},
	journal = {arXiv:1705.07750},
	month = {February},
	year = {2018}
}

@ARTICLE{
	Ren:2015qr,
	author = {Ren, Shaoqing. and others},
	title = {Faster R-CNN: Towards Real-Time Object Detection with Region Proposal Networks.},
	journal = {Advances in neural information processing systems},
	month = {February},
	year = {2015}
}

@ARTICLE{
	Wu:2023qr,
	author = {Wu, Tao. and others},
	title = {STMixer: A One-Stage Sparse Action Detector.},
	journal = {arXiv:2303.15879v1 [cs.CV]},
	month = {March},
	year = {2023}
}

@ARTICLE{
	Gu:2018qr,
	author = {Gu, Chunhui. and others},
	title = {AVA: A Video Dataset of Spatio-temporally Localized Atomic Visual Actions.},
	journal = {arXiv:1705.08421v4 [cs.CV]},
	month = {April},
	year = {2018}
}

@ARTICLE{
	Yeung:2017qr,
	author = {Yeung, Serena. and others},
	title = {Every Moment Counts: Dense Detailed Labeling of Actions in Complex Videos.},
	journal = {arXiv:1507.05738v3 [cs.CV]},
	month = {April},
	year = {2018}
}

@ARTICLE{
	Soomro:2012qr,
	author = {Soomro, Khurram. and others},
	title = {UCF101: A Dataset of 101 Human Actions Classes From Videos in The Wild.},
	journal = {arXiv:1507.05738v3 [cs.CV]},
	month = {November},
	year = {2012}
}

@InProceedings{
   Kuehne11,
   author= "Kuehne, H. and Jhuang, H. and Garrote, E. and Poggio, T. and Serre, T.",
   title = "{HMDB}: a large video database for human motion recognition",
   booktitle = "Proceedings of the International Conference on Computer Vision (ICCV)",
   year = "2011",
}

@ARTICLE{
	Smaira:2020qr,
	author = {Smaira, Lucas. and others},
	title = {A Short Note on the Kinetics-700-2020 Human Action Dataset.},
	journal = {arXiv:2010.10864v1 [cs.CV]},
	month = {October},
	year = {2020}
}

@ARTICLE{
	TYZhang:1984qr,
	author = {T. Y. Zhang. and others},
	title = {A fast parallel algorithm for thinning digital patterns.},
	journal = {Communications of the ACM, Volume 27, Number 3},
	month = {March},
	year = {1984}
}

@ARTICLE{
	Aarnab:2021qr,
	author = {Aarnab, Dehghani. and others},
	title = {ViViT: A Video Vision Transformer.},
	journal = {arXiv:2103.15691 [cs.CV]},
	month = {March},
	year = {2021}
}

@ARTICLE{
	Zivkovic:2006qr,
	author = {Zivkovic, Zoran. and van der Heijden, Ferdinand.},
	title = {Efficient adaptive density estimation per image pixel for the task of background subtraction.},
	journal = {Pattern recognition letters},
	year = {2006}
}
