@ARTICLE{Zhong:2017qr,
	author = {Zhong, Victor. and others},
	title = {Seq2SQL: Generating Structured Queries from Natural Language using Reinforcement Learning.},
	journal = {arXiv:1709.00103v7 [cs.CL]},
	month = {November},
	year = {2017}
}


@ARTICLE{Yu:2019qr,
	author = {Yu, Tao. and others},
	title = {CoSQL: A Conversational Text-to-SQL Challenge Towards Cross-Domain Natural Language Interfaces to Databases.},
	journal = {arXiv:1909.05378v1 [cs.CL]},
	month = {September},
	year = {2019}
}

@ARTICLE{Luo:2021qr,
	author = {Luo, Yuyu. and others},
	title = {nvBench: A Large-Scale Synthesized Dataset for Cross-Domain Natural Language to Visualization Task.},
	journal = {arXiv:2112.12926v1 [cs.HC]},
	day = {24},
	month = {December},
	year = {2021}
}

@ARTICLE{Cox:2001qr,
	author = {Cox, Kenneth. and others},
	title = {A multi-modal natural language interface to an information visualization environment.},
	journal = {International Journal of Speech Technology},
	year = {2001}
}

@ARTICLE{Luo:2022qr,
	author = {Luo, Yuyu. and others},
	title = {Natural Language to Visualization by Neural Machine Translation.},
	journal = {IEEE Transactions on Visualization and Computer Graphics, vol. 28, no. 1, pp. 217-226},
	month = {January},
	year = {2022}
}

@ARTICLE{Aurisano:2016qr,
	author = {Aurisano, Jillian. and others},
	title = {Articulate2: Toward a Conversational Interface for Visual Data Exploration.},
	journal = {IEEE VIS â€™16 (Poster paper)},
	month = {January},
	year = {2016}
}

@ARTICLE{Can:2021qr,
	author = {Liu, Can. and others},
	title = {ADVISor: Automatic Visualization Answer for Natural-Language Question on Tabular Data.},
	journal = {2021 IEEE 14th Pacific Visualization Symposium (PacificVis)},
	month = {January},
	year = {2021}
}

@ARTICLE{Raffel:2020qr,
	author = {Raffel, Colin. and others},
	title = {Exploring the limits of transfer learning with a unified text-to-text transformer.},
	journal = {Journal of Machine Learning Research},
	year = {2020}
}

@ARTICLE{Yue:2021qr2,
	author = {Wang, Yue. and others},
	title = {CodeT5: Identifier-aware Unified Pre-trained Encoder-Decoder Models for Code Understanding and Generation.},
	journal = {Conference on Empirical Methods in Natural Language Processing},
	year = {2021}
}
